2205 3535
325 301 347 361 ,⁴

328 418 611 459 demonstrat.
667 416 831 456 Idcirco
871 430 917 455 ex
956 415 1024 455 liis
1063 413 1273 467 quasdam
1312 413 1516 454 omnibus
1554 410 1694 452 verbis
1731 423 1952 464 expressas

328 502 428 530 cum
463 486 669 542 proximis
701 500 850 528 earum
876 485 1071 538 cognatis
1107 485 1296 532 contuli;
1331 483 1543 538 quasdam
1568 495 1667 523 vero
1690 481 1731 522 in
1757 480 1952 521 Elenclio

329 557 719 602 adnotatiunculis,
756 570 834 610 pro
870 555 1077 610 temporis
1113 568 1163 595 ac
1196 553 1281 595 loci
1318 554 1484 595 ratione
1522 566 1651 606 quam
1690 550 1954 592 brevissimis

327 628 556 670 illustravi.
603 626 979 668 Commentarium
1017 624 1273 678 ampliorem
1309 623 1363 665 ad
1399 623 1478 665 has
1510 622 1697 664 Pelbarti
1733 621 1954 662 fabulosas

328 699 601 741 narrationes
616 697 870 751 (praescrtim
889 696 940 737 ad
962 695 1158 736 fabulam
1172 691 1369 737 Iustitiae
1394 700 1429 737 et
1443 690 1688 736 Iniustitiae
1705 693 1831 745 longe
1849 692 1951 733 late·

329 784 411 823 quc
456 768 739 820 divulgatam,
785 780 957 808 necnon
1005 761 1204 822 Superbi.
1239 761 1367 806 arari
1397 770 1432 806 ct
1465 761 1621 811 invidi,
1662 759 1955 815 Censes-sionis

328 836 607 885 animalium,
622 834 748 880 ΘΗΜ]
767 835 890 879 lactis
908 838 1006 877 etex»
1025 837 1068 876 in
1089 834 1409 883 dissertatione,
1423 847 1509 888 qua
1526 833 1669 875 officia.
1685 832 1954 875 Academia-m

328 909 572 952 sodalitatis
595 908 823 955 iniveram.
850 907 1088 959 hungarico
1113 905 1418 959 consc1·ipta,⁴‘)
1443 903 1636 945 invenire
1658 907 1799 957 potes:
1825 903 1898 958 qui
1921 904 1957 945 si

330 983 439 1023 forte
463 994 489 1022 a
510 979 697 1021 barbaro
731 978 915 1019 Elenchi
949 990 1148 1018 sermone
1182 975 1446 1029 quandoque
1480 974 1670 1016 offensus
1700 975 1794 1018 eris.
1829 988 1955 1016 num-

330 1066 461 1106 quam
496 1049 763 1092 oblivisceris
786 1062 855 1090 me
889 1047 1093 1089 Pelbarto
1127 1060 1299 1101 semper
1331 1046 1467 1087 fidum
1503 1044 1712 1086 Achatem
1749 1045 1879 1087 etiam
1913 1046 1956 1086 in

331 1121 542 1176 excerptis
566 1119 793 1168 mansisse,
817 1118 1092 1172 maximeque
1116 1119 1165 1159 ut
1186 1131 1266 1171 par
1289 1118 1382 1158 crat
1403 1115 1446 1157 in
1472 1116 1534 1164 iis,
1555 1128 1650 1168 qua*
1674 1114 1726 1156 de
1750 1115 1880 1157 verbo
1902 1115 1957 1156 ad

329 1193 512 1234 verbum
535 1189 852 1243 descripserim.

471 1261 639 1303 Dabam
663 1259 967 1313 Budapestini‚
993 1272 1142 1300 mense
1167 1258 1343 1300 Octobri
1365 1256 1549 1299 MCMII.

1493 1324 1741 1370 Ludovicus
1766 1323 1956 1370 Katona.

1131 1457 1160 1489 1.

882 1539 1066 1574 lustitia
1091 1540 1140 1572 et,
1169 1539 1416 1573 iniustitia.

482 1637 507 1670 1.
539 1635 723 1670 Sermone-s>
753 1632 979 1668 I'1nm1101'11'12a
1010 1632 1125 1678 Temp.
1150 1633 1272 1677 pasch.
1299 1632 1323 1667 8
1356 1631 1396 1667 Y.

477 1695 701 1738 Exemplum
729 1694 775 1726 ad
803 1694 840 1726 id
879 1694 1060 1726 narratur
1099 1692 1372 1736 parabolicum.
1412 1693 1509 1726 Nam
1539 1697 1579 1725 ut
1607 1692 1860 1736 philosophus
1887 1695 1960 1726 ait:

332 1755 513 1797 Exempla
552 1754 707 1797 quidem
750 1753 927 1796 ponimus
970 1763 1068 1795 sii-pe
1107 1763 1181 1784 non
1223 1751 1321 1793 quod
1357 1752 1408 1785 ita
1437 1751 1524 1787 sint.
1565 1752 1628 1785 sed
1656 1754 1697 1784 ut
1725 1752 1963 1786 addiscentes

330 1814 541 1847 addiscant.
585 1813 652 1844 Est
691 1813 819 1845 autem
860 1811 1078 1843 similitudo
1117 1811 1218 1850 talis.
1259 1811 1356 1853 quod
1397 1811 1554 1854 quidam
1593 1811 1698 1844 <lives
1737 1813 1770 1844 et
1808 1812 1963 1854 iniquus·

330 1872 465 1905 habuit
494 1881 646 1904 servum
674 1870 825 1903 fidelem
855 1872 890 1902 et
919 1870 1079 1902 iustum.
1105 1869 1266 1909 Accidit,
1295 1870 1394 1911 quod
1422 1880 1554 1902 servus
1573 1870 1632 1903 die
1652 1870 1816 1912 quadam
1835 1880 1962 1902 coram

330 1930 485 1963 domino
518 1929 670 1965 diceret,
707 1929 804 1971 quod
836 1929 984 1961 iustitia
1012 1929 1128 1961 etiam
1158 1929 1196 1961 in
1227 1928 1298 1961 hoc
1326 1928 1468 1961 mundo
1497 1928 1687 1972 pra-valet,
1727 1939 1839 1971 quam
1868 1927 1963 1961 iniu-

331 1990 448 2022 stitia.
469 1988 525 2021 Ad
554 1999 666 2031 quem
695 1987 875 2021 dominus
895 1988 969 2020 ait:
998 1988 1081 2020 Non
1111 1990 1166 2020 est
1198 1998 1341 2022 verum.
1371 1988 1460 2029 quia
1478 1987 1564 2030 plus
1584 1990 1831 2031 prosperatur
1848 1987 1963 2020 horno

333 2059 398 2091 per
424 2048 668 2084 iniustitiam,
709 2057 822 2089 quam
859 2058 927 2090 per
956 2047 1156 2079 iustitiam.
1197 2047 1448 2079 Contentione
1487 2049 1591 2079 mota
1629 2046 1892 2089 obligaverunt
1925 2058 1962 2079 ευ

330 2110 463 2140 mutuo
490 2106 555 2140 tali
584 2108 706 2149 pacto,
746 2106 843 2148 quod
874 2106 905 2139 si
936 2116 1068 2138 servus
1098 2105 1161 2138 ille
1188 2106 1226 2138 in
1255 2105 1326 2138 hoc
1356 2105 1549 2148 proba-ndo
1577 2105 1810 2148 praevaleret,
1844 2105 1961 2138 domi-

331 2178 401 2199 nus
430 2177 520 2199 suus
547 2167 741 2199 teneretur
758 2164 827 2197 sibi
846 2165 934 2198 dare
955 2174 997 2197 cc
1017 2175 1153 2197 aureos
1172 2163 1347 2197 florenos.
1377 2164 1413 2197 Si
1435 2166 1562 2198 autem
1582 2164 1760 2198 dominus
1786 2163 1961 2207 probaret

331 2225 581 2265 contrarium,
618 2235 725 2257 servo
753 2213 901 2257 erueret
931 2223 1065 2256 ambos
1095 2223 1236 2257 oculos.
1263 2223 1421 2256 Iverunt
1448 2233 1549 2266 ergo,
1587 2224 1628 2255 ut
1655 2223 1699 2255 de
1726 2222 1796 2256 hoc
1824 2234 1962 2265 ‹purro-

334 2286 419 2316 rent
446 2283 645 2316 iudicium.
672 2283 871 2316 Venerunt
901 2282 946 2315 ad
968 2282 1160 2324 quendam
1188 2292 1372 2325 magnum
1391 2283 1655 2316 mercatorem.
1675 2292 1693 2314 a
1714 2292 1787 2323 quo
1805 2282 1963 2315 interro-

331 2343 532 2385 gaverunt.
564 2341 634 2375 Ille
662 2343 790 2374 autem
831 2340 1044 2384 respondit,
1087 2340 1184 2382 quod
1224 2340 1417 2373 iniustitia
1456 2339 1657 2383 praevalet:
1697 2340 1726 2372 si
1755 2340 1856 2373 enim
1884 2351 1965 2381 ego.

331 2400 470 2442 inquit,
499 2400 628 2432 omnia
660 2400 759 2433 iuste
788 2410 954 2432 emerem
998 2400 1033 2432 et
1062 2399 1276 2434 venderem.
1316 2398 1606 2441 depauperarer.
1644 2398 1747 2431 Tunc
1786 2399 1964 2432 dominus

331 2459 385 2492 ait
412 2469 541 2492 servo:
571 2459 667 2492 Ecce
688 2444 890 2501 perdidisti
914 2458 1056 2498 oculos,
1086 2458 1148 2491 sed
1170 2457 1238 2491 tibi
1260 2457 1381 2490 adhuc
1402 2468 1526 2500 parce.
1553 2457 1806 2499 Requiramus
1826 2458 1966 2501 plures.

331 2517 522 2550 Venerunt
553 2528 642 2561 ergo
670 2517 715 2550 ad
759 2517 916 2550 iudices.
958 2516 1018 2549 Illi
1061 2516 1241 2549 similiter
1280 2516 1558 2559 responderunt
1597 2518 1729 2549 contra
1764 2516 1964 2550 iustitiam.

330 2576 479 2609 Iterum
508 2578 695 2609 venerunt
722 2576 767 2608 ad
797 2575 990 2618 quendam
1018 2586 1202 2617 magnum
1231 2576 1475 2618 episcopum;
1516 2575 1577 2607 ille
1605 2576 1719 2608 etiam
1747 2576 1868 2609 tenuit
1910 2586 1964 2608 re-

333 2635 554 2679 spondendo
584 2646 650 2678 pro
678 2635 878 2668 iniustitia.
911 2634 1109 2668 Venerunt
1138 2634 1180 2667 ad
1210 2645 1361 2677 regem:
1388 2633 1452 2667 ille
1479 2634 1658 2667 similiter
1684 2634 1892 2678 respondit.
1917 2634 1963 2667 Et

332 2695 384 2727 sic
412 2694 590 2727 dominus
619 2694 750 2727 ambos
779 2694 908 2727 oculos
937 2694 1035 2726 servi
1065 2693 1188 2726 cultro
1217 2693 1420 2737 pungendo
1446 2692 1650 2726 transfixit.
1677 2692 1748 2726 Sed
1768 2692 1836 2726 deo
1851 2693 1965 2726 dante

331 2753 430 2786 acies
459 2752 617 2785 visualis
645 2752 779 2795 glaciei
811 2753 956 2786 intacta
982 2753 1206 2796 permansit.
1234 2752 1338 2785 Tunc
1364 2751 1428 2784 ille
1455 2753 1616 2785 caecatus
1643 2754 1748 2785 extra
1770 2752 1964 2785 civitaten]

333 2811 547 2851 ambulans,
575 2822 660 2844 cum
692 2811 771 2843 solo
800 2810 932 2843 baculo
974 2810 1126 2844 devenit
1155 2809 1223 2843 sub
1257 2810 1420 2852 quadam
1449 2810 1594 2850 arbore,
1633 2812 1667 2843 et
1694 2810 1746 2844 ibi
1774 2821 1813 2844 se
1839 2811 1967 2854 posuit

476 2941 509 2980 *j
540 2937 738 2973 Teme-wiri
766 2936 909 2972 l'ellm'r!
932 2937 1071 2982 Jw'lddi.
1100 2938 1165 2973 (M.
1193 2939 1232 2972 T.
1260 2938 1378 2971 Akad.
1414 2929 1666 2972 Ertekezesek
1701 2950 1721 2972 a
1760 2939 1887 2982 nyelv-
1928 2939 1967 2974 es

333 2996 688 3040 szeptudomz'myok
718 2995 881 3029 kerebol.
912 2996 1055 3030 XVIII.
1083 2997 1114 3030 2.
1149 2997 1259 3038 1902.)
