2205 3535
370 279 407 312 le!

364 397 622 429 inim-nacon]
652 395 712 437 qui
744 395 892 438 primus
920 395 965 426 ad
994 404 1058 427 eos
1087 394 1243 427 veniret.
1259 393 1353 427 Cum
1381 395 1509 427 autem
1538 404 1688 426 summo
1717 400 1828 428 mane
1854 400 1990 428 convo-

364 458 486 487 casset
513 454 637 486 dictus
665 453 842 496 princeps
869 453 1013 485 dictum
1043 453 1230 489 iuvenem.
1258 448 1370 484 iussit
1396 456 1436 484 ut
1465 452 1690 485 festinanter
1708 453 1779 486 iret
1795 451 1841 484 ad
1860 458 1990 495 opera-

363 514 452 552 rios,
479 514 515 545 et
542 512 683 545 diceret
710 512 774 550 eis,
815 510 913 553 quod
941 510 1098 543 omnino
1139 510 1306 543 facerent
1334 510 1433 552 quod
1473 510 1545 544 sibi
1583 510 1707 544 fuerat
1745 511 1991 554 imperatum.

364 571 433 605 Ille
461 574 600 606 autem.
628 570 725 603 sicut
765 569 926 610 singulis
954 569 1087 602 diebus
1127 572 1377 602 consueverat-
1416 572 1619 612 antequam
1661 569 1804 612 aliquid
1839 568 1992 608 faceret,

365 630 485 663 voluit
511 628 618 673 prius
644 628 776 661 audire
805 628 964 661 missam
992 637 1107 670 qutun
1150 627 1217 659 ire.
1244 627 1476 671 Praepositus
1517 630 1642 661 autem
1683 627 1866 671 gaudens,
1903 636 1990 660 cum

363 689 533 722 crederet
571 687 646 720 iani
675 697 762 720 eum
789 686 834 720 ad
863 687 1054 719 fornacem
1083 685 1234 718 venisse
1263 692 1298 718 et
1325 686 1580 725 combustum,
1619 686 1804 730 praevenit
1830 696 1930 726 eum,
1956 688 1992 718 et

365 748 410 781 ab
430 747 616 790 operariis
635 747 673 779 in
693 746 885 778 fornacem
905 745 1097 789 proiectus
1117 748 1183 777 est.
1204 743 1390 777 Similiter
1408 744 1544 777 accidit
1563 744 1639 778 illis
1658 745 1722 788 qui
1739 745 1937 778 Danielem
1954 745 1991 787 11)

364 806 599 849 proiecerant
627 805 663 837 in
692 804 883 838 fornacem
912 815 954 837 ex
981 803 1125 836 invidia
1152 803 1262 840 (Dan.
1292 803 1355 836 IV.
1383 803 1483 843 Vulg
1522 803 1621 838 111³.

1167 992 1199 1025 3.

507 1100 708 1133 MARnnth
733 1099 920 1139 Ροιοὶιυς,
950 1097 1107 1143 Prompt.
1133 1109 1186 1132 er.
1213 1095 1364 1133 XVIII
1387 1099 1444 1132 A:
1478 1098 1596 1133 11486.
1623 1099 1825 1142 Argentor.
1852 1099 1929 1135 fol.)

478 1195 480 1197 ,
506 1158 669 1200 Quidam
696 1157 848 1195 nobilis,
875 1168 961 1190 cum
989 1157 1053 1190 diu
1081 1156 1245 1190 fideliter
1272 1158 1351 1197 regi
1379 1167 1447 1190 suo
1475 1157 1708 1198 servivisset,
1727 1158 1764 1191 in
1786 1160 1907 1192 morte
1926 1169 1995 1192 sua

366 1218 690 1252 recommendavit
729 1217 850 1250 filium
879 1227 990 1249 suum
1019 1215 1257 1250 Gillielmum
1288 1217 1442 1249 nomine
1470 1216 1562 1257 regi,
1590 1219 1631 1250 ut
1659 1217 1786 1260 ipsum
1814 1217 1852 1249 in
1881 1227 1998 1250 suum

365 1277 563 1310 servitium
592 1277 787 1320 reciperet.
814 1275 922 1316 Quod
950 1285 1035 1308 cum
1064 1285 1127 1308 rex
1155 1274 1364 1314 annuisset,
1392 1275 1455 1308 ille
1494 1274 1574 1308 filio
1613 1276 1650 1308 in
1692 1277 1836 1309 secreto
1876 1275 1995 1309 dixit:

365 1336 450 1373 Fili,
480 1337 554 1369 tria
580 1335 648 1368 tibi
677 1335 845 1374 consulo,
873 1336 908 1367 et
935 1333 1002 1366 illa
1029 1335 1057 1366 si
1088 1336 1271 1374 tenueris,
1293 1334 1384 1367 bene
1411 1334 1480 1367 tibi
1508 1335 1591 1367 erit.
1632 1334 1801 1367 Primum
1829 1337 1870 1368 ut
1900 1345 1994 1368 nun-

366 1405 479 1438 quam
509 1396 560 1427 sis
596 1395 633 1427 in
676 1394 856 1427 societate
883 1393 1002 1426 invidi
1048 1396 1082 1426 et
1122 1392 1359 1426 detractoris.
1399 1392 1618 1426 Secundum
1646 1395 1713 1433 est,
1752 1396 1794 1426 ut
1832 1393 1997 1436 quoties⁴>

366 1464 514 1496 cunque
541 1453 682 1486 videris
709 1452 908 1485 dominum
948 1451 1006 1485 vel
1034 1452 1230 1484 dominam
1269 1451 1443 1485 turbatos
1472 1452 1527 1485 vel
1555 1453 1698 1492 tristes,
1725 1452 1820 1496 ipsis
1847 1454 1882 1486 te
1909 1463 1994 1486 con-

367 1513 492 1546 dolere
519 1512 708 1545 ostendas.
736 1512 905 1545 Tertium
933 1514 1001 1551 est,
1041 1514 1081 1543 ut
1108 1521 1176 1554 pro
1205 1510 1311 1543 nulla
1351 1511 1576 1544 necessitate
1615 1511 1774 1544 missam
1814 1511 1996 1545 obmittas‘

365 1572 508 1605 aud-ire.
536 1572 630 1604 Uum
670 1581 758 1611 ergo
803 1570 1019 1603 Gilhelmus
1062 1572 1213 1602 mortuo
1253 1572 1360 1613 patre
1388 1570 1427 1602 in
1456 1570 1610 1602 servitio
1650 1570 1751 1613 regis
1789 1570 1997 1614 prudenter

366 1633 494 1672 ageret
522 1633 558 1663 et
584 1629 762 1662 omnibus
790 1629 967 1672 placeret.
996 1628 1153 1671 quidam
1181 1628 1329 1661 balivus
1356 1629 1458 1670 regis
1486 1628 1631 1669 videns,
1659 1628 1759 1671 quod
1777 1628 1996 1671 Gilhelmus

365 1688 481 1723 abeo
509 1691 657 1723 caveret
684 1692 881 1730 tamquam
911 1699 931 1721 a
959 1688 1184 1727 detractore,
1212 1690 1339 1721 motus
1366 1687 1511 1721 invidia
1538 1689 1729 1721 accusavit
1757 1687 2000 1722 Gilhelmum

367 1748 465 1793 apud
494 1759 634 1789 regem,
662 1748 760 1790 quod
790 1747 961 1790 reginam
990 1746 1198 1780 adamaret.
1226 1747 1273 1780 Et
1301 1747 1344 1786 si,
1370 1746 1505 1788 inquit,
1546 1747 1661 1779 vultis
1699 1747 1873 1791 probare,
1911 1758 1996 1792 pro-

336 1825 346 1835 ·
367 1811 496 1840 vocate
523 1807 695 1850 reginam
722 1818 790 1850 per
816 1807 976 1839 verbum
1004 1805 1246 1839 contumelize
1267 1805 1312 1838 ad
1332 1805 1476 1845 fletum,
1496 1793 1738 1839 etvidebitis
1758 1805 1996 1840 Gilhelmum

366 1867 450 1909 ipsa
476 1865 590 1898 flente
617 1865 720 1898 flere.
751 1864 858 1906 Quod
887 1867 922 1898 et
949 1865 1092 1898 factum
1121 1868 1190 1898 est.
1219 1865 1389 1907 Cumque
1417 1875 1481 1898 rex
1508 1866 1624 1898 nimis
1652 1866 1773 1898 iratus
1800 1866 1997 1909 cogitaret.

367 1925 528 1967 qualiter
556 1925 792 1958 Gilhelmum
821 1924 1007 1968 perderet,
1036 1924 1180 1957 occulte
1211 1927 1351 1964 tamen,
1391 1924 1454 1957 ille
1494 1924 1647 1957 invidus
1687 1924 1880 1958 consuluit
1905 1926 1999 1969 regi,

367 1988 407 2016 ut
435 1984 636 2017 mandaret
663 1985 849 2024 magistro
877 1983 1002 2023 calcis,
1030 1983 1130 2025 quod
1158 1984 1374 2026 quicunque
1402 1994 1486 2016 cras
1513 1994 1625 2016 mane
1652 1984 1801 2027 primus
1828 1994 1871 2017 ex
1890 1987 1998 2028 parte

370 2044 469 2083 regis
498 2043 544 2076 ad
572 2043 764 2076 fornacem
793 2043 877 2082 iret,
905 2042 1031 2086 ipsum
1061 2043 1142 2074 sine
1170 2052 1277 2075 mora
1304 2043 1342 2075 in
1371 2042 1564 2075 fornacem
1592 2042 1706 2075 calcis
1733 2043 1902 2077 iactaret.
1922 2042 1999 2076 Rex

367 2112 456 2142 ergo
484 2102 521 2134 in
552 2111 635 2133 sero
676 2100 770 2134 dixit
799 2100 1005 2140 Gilhelmo,
1045 2103 1085 2133 ut
1126 2100 1231 2132 nullo
1272 2099 1385 2132 modo
1414 2099 1625 2133 dimitteret
1653 2103 1688 2133 et
1716 2101 1807 2143 quin
1847 2107 2004 2135 summo‘

367 2168 479 2193 mane
505 2163 679 2204 pergeret
709 2161 753 2193 ad
781 2160 973 2193 fornacem
1002 2163 1036 2193 et
1065 2160 1205 2192 (liceret
1233 2160 1430 2202 magistro,
1458 2161 1500 2192 ut
1526 2159 1677 2199 faceret,
1705 2159 1802 2201 quod
1824 2170 1887 2193 rex
1914 2171 1998 2193 sero

368 2219 440 2253 sibi
467 2222 710 2264 praeceperat.
738 2218 954 2252 Gilhelmus
983 2230 1070 2258 ergo
1099 2221 1177 2252 tota
1208 2221 1316 2251 nocte
1345 2218 1542 2258 sollicitus,
1562 2219 1752 2260 quomodo
1771 2218 1997 2252 mandatum

368 2278 468 2320 regis
503 2279 681 2322 expleret,
721 2279 793 2312 cito
833 2290 944 2312 mane
985 2290 1146 2321 surgens
1182 2290 1269 2311 cum
1308 2279 1380 2311 iter
1422 2282 1563 2321 ageret,
1605 2277 1751 2310 audivit
1776 2278 1814 2310 in
1842 2287 2001 2310 nemore

368 2336 526 2369 missam
554 2337 711 2380 pulsari.
739 2340 773 2370 et
800 2338 1022 2371 recordatus
1050 2338 1199 2371 consilii
1227 2337 1359 2382 patris,
1380 2337 1470 2370 illuc
1491 2336 1654 2370 divertit.
1683 2336 1853 2378 Cumque
1878 2346 1997 2369 sacer-

368 2395 434 2427 dos
462 2406 609 2429 moram
637 2398 873 2440 pertraheret
903 2401 939 2430 et
966 2397 1027 2430 diu
1057 2399 1259 2441 expectans
1286 2397 1445 2429 missam
1473 2395 1518 2428 de
1542 2395 1661 2429 Beata
1687 2395 1844 2438 Virgine
1864 2395 1997 2428 solem-

370 2455 468 2487 niter
494 2455 704 2490 inchoaret.
731 2445 794 2500 ille
821 2457 987 2489 multum
1026 2458 1169 2489 timens
1207 2456 1414 2500 imperium
1454 2454 1557 2497 regis
1596 2454 1800 2496 negligere,
1839 2455 1999 2497 urgebat

369 2513 480 2553 exire,
509 2518 544 2546 et
571 2517 698 2547 tamen
728 2518 882 2559 propter
909 2515 1022 2548 deum
1050 2518 1085 2549 et
1124 2516 1246 2559 patris
1274 2514 1476 2547 consilium
1506 2512 1655 2546 nolebat
1683 2513 1843 2546 missam
1871 2513 1996 2546 dimit-

367 2577 458 2606 tere.
485 2572 585 2606 Dum
614 2575 666 2606 sic
695 2584 762 2617 per
788 2574 949 2607 missam
979 2574 1226 2614 detineretur,
1263 2573 1328 2606 ille
1357 2572 1510 2606 invidus
1538 2572 1744 2616 impetrato
1771 2583 1791 2606 a
1819 2583 1917 2616 rege,
1958 2578 1998 2606 ut

370 2632 415 2664 ad
442 2632 633 2665 fornacem
662 2633 804 2665 vadens
831 2633 955 2673 sciret,
996 2636 1124 2666 utrum
1165 2632 1382 2666 Gilhelmus
1418 2632 1493 2664 iam
1533 2634 1724 2665 crematus
1751 2634 1863 2669 esset.
1902 2639 2005 2675 qum-'-

369 2694 475 2723 rente
502 2691 586 2734 ipso
613 2701 633 2723 a
660 2691 857 2733 magistro,
884 2696 1014 2725 utrum
1044 2691 1192 2724 iussum
1221 2691 1322 2734 regis
1349 2690 1559 2733 implesset,
1587 2689 1746 2727 audivit.
1785 2691 1883 2733 quod
1913 2701 2001 2725 non.

370 2749 434 2782 sed
462 2749 649 2793 protinus,
677 2749 812 2793 inquit,
847 2750 1042 2784 faciemus,
1069 2751 1117 2784 Et
1156 2751 1285 2795 ipsum
1324 2751 1478 2794 rapiens
1518 2750 1677 2793 proiecit
1716 2751 1755 2782 in
1794 2749 1999 2783 fornacem.

369 2808 536 2841 Tandem
564 2808 672 2842 finita
700 2809 819 2842 missa
846 2809 1063 2843 Gilhelmus
1091 2810 1248 2843 veniens
1277 2809 1322 2843 ad
1350 2811 1543 2843 fornacem
1572 2811 1608 2842 et
1635 2819 1809 2852 quaerens
1829 2819 1849 2841 a
1875 2808 1998 2842 forna-

371 2867 437 2902 110,
466 2867 496 2898 si
526 2867 750 2900 mandatum
779 2869 879 2908 rogis
908 2868 1094 2912 impleret,
1124 2868 1320 2912 respondit
1348 2868 1432 2901 ille:
1462 2868 1586 2900 Dicite
1606 2868 1760 2900 domino
1780 2868 1871 2909 regi,
1899 2867 1998 2910 quod

371 2926 527 2958 fecimus
555 2926 733 2968 quicquid
763 2927 869 2959 (lixit.
910 2929 1002 2960 t'un}
1032 2938 1120 2967 crgo
1149 2928 1192 2959 ml
1223 2937 1348 2969 regem
1378 2927 1556 2965 venisset,
1583 2929 1616 2959 et
1647 2938 1706 2959 rvx
1730 2927 1867 2970 ipsum,
1886 2937 1998 2974 quem

370 2984 613 3018 combustum
636 2985 826 3026 credebat,
846 2986 1027 3018 vidisset:
1055 2986 1242 3028 quaesivit,
1269 2985 1333 3019 u'bi
1359 2985 1508 3026 fuisset,
1535 2984 1635 3028 quod
1662 2988 1740 3018 tam
1769 2983 1833 3018 diu
1851 2995 1999 3018 moram
