2205 3535
172 371 229 402 ter
255 380 346 402 suus
373 370 468 403 mihi
497 381 583 404 eum
611 367 774 403 fideliter
805 380 946 403 recom-

172 428 394 463 mendavit?
419 430 466 462 Et
484 429 570 462 ille:
599 428 740 462 Vocate
759 431 946 461 cementa-

171 488 248 527 rios
276 493 433 525 vestros,
476 488 539 531 qui
583 490 670 520 sunt
708 488 747 520 in
776 487 872 520 silva
914 492 947 521 et

171 548 365 594 praecipite
415 547 510 590 ipsis
552 547 590 579 in
635 548 790 585 secrete,
847 547 946 589 quod

171 606 400 649 quicumque
439 616 521 639 cras
562 616 673 638 mane
724 606 848 638 veniet
902 606 947 638 ad

172 674 234 696 eos
261 665 415 698 nomine
442 667 579 703 vestro,
607 664 705 706 quod
725 663 836 696 illum
865 675 948 707 pro-

171 723 301 755 iieiant
327 724 367 756 in
394 711 586 756 fornacem
617 723 744 763 calcis,
776 726 811 756 et
852 723 946 756 nulli

139 783 146 790 ‘
173 781 217 813 de
244 781 314 814 hoc
341 781 479 814 dicant.
518 780 595 814 Rex
636 784 763 815 autem
798 792 948 814 summo

173 850 284 872 mane
311 840 417 873 misit
443 841 620 873 invenem
656 840 766 873 illum
793 841 948 874 nomine

171 909 239 931 suo
279 899 324 931 ad
367 901 631 933 cementarios.
678 901 722 932 Et
766 911 851 933 cum
896 901 948 933 sic·

171 956 357 999 equitaret
383 959 422 990 in
463 958 568 995 silva.
609 959 753 992 audivit
797 959 949 1003 pulsare

172 1015 216 1048 ad
244 1015 403 1049 missam
442 1018 481 1049 in
521 1017 666 1060 capella
707 1018 870 1060 quadam
910 1019 948 1050 in

170 1075 277 1115 silva,
296 1077 331 1108 et
350 1075 507 1109 diviavit
528 1076 613 1116 (sic)
634 1087 655 1109 a
674 1077 735 1109 via
750 1079 784 1109 et
805 1077 949 1109 audivit

170 1135 331 1167 missam
369 1134 475 1167 illam
506 1145 626 1176 usque
655 1135 700 1167 ad
734 1134 866 1174 finem.
903 1136 949 1168 Et

171 1193 270 1225 alius
313 1192 488 1225 officialis
527 1193 756 1235 sequebatur
799 1204 885 1226 eum
914 1196 949 1227 et

171 1251 353 1294 praevenit
380 1252 569 1286 iuvenem.
606 1252 735 1284 dicens
762 1255 949 1285 cementa-

170 1310 259 1343 riis:
289 1309 461 1349 Fecistis,
482 1310 579 1342 sicut
598 1309 948 1354 vobisimperatum

171 1371 226 1401 est
254 1379 275 1401 a
301 1379 388 1411 rege
407 1370 423 1402 i>
460 1368 775 1412 Responderunt:
816 1369 949 1402 Adhuc

170 1438 246 1460 non
274 1426 445 1468 fecimus,
473 1428 538 1460 sed
564 1428 641 1460 iam
668 1428 863 1462 faciemus.
902 1429 949 1461 Et

171 1487 413 1530 proiecerunt
440 1486 643 1520 officialem
670 1487 779 1520 illum
808 1487 845 1520 in
873 1488 949 1520 for-

170 1556 304 1580 nacem
331 1545 446 1579 calcis
474 1573 480 1579 .
509 1572 516 1579 .

168 1605 317 1638 vocavit
343 1606 520 1638 iuvenem
549 1604 689 1639 secrete
729 1608 763 1639 et
789 1607 948 1639 interro-

172 1663 274 1707 gavit
295 1665 441 1708 ipsum.
486 1675 601 1706 qnare
632 1665 755 1708 pridie
782 1664 948 1698 flevisset

546 1572 552 1578 .
592 1546 670 1579 Rex
708 1547 768 1579 liis
807 1548 948 1580 auditis

171 1733 257 1755 cum
285 1724 429 1766 regina,
464 1725 498 1755 et
526 1723 715 1764 quomodo
743 1724 820 1756 iam
848 1724 947 1757 devi-

171 1785 270 1815 asset
297 1793 318 1815 a
344 1783 437 1816 via?
474 1783 521 1815 Et
551 1782 735 1815 indicavit
778 1784 856 1825 regi
884 1783 946 1816 ille

169 1841 329 1882 iuvenis,
358 1841 546 1883 quomodo
576 1844 683 1884 pater
711 1853 802 1874 suus
831 1843 867 1875 in
889 1854 946 1875 ex-

168 1900 301 1932 tremis
328 1899 547 1942 reliquisset
588 1899 659 1932 sibi
686 1900 752 1933 illa
783 1901 857 1933 tria
884 1901 946 1933 do-

169 1960 347 1991 cumenta
374 1959 526 1991 dicens:
554 1957 608 1990 Mi
642 1958 709 1995 fili,
730 1959 760 1991 si
780 1959 848 1992 illa
872 1960 946 1993 tria

169 2017 392 2057 servaveris,
420 2027 547 2050 coram
575 2017 643 2050 deo
671 2020 706 2050 et
724 2017 946 2051 hominibus

169 2075 297 2108 salvus
324 2075 410 2108 eris.

168 2132 272 2166 diam
308 2135 342 2166 et
369 2132 542 2166 fraudem
569 2132 744 2167 officialis
777 2138 812 2168 et
838 2136 945 2168 inno-

168 2192 334 2224 centiam
360 2191 464 2224 illius
493 2191 641 2224 iuvenis
669 2195 704 2226 et
731 2194 883 2236 reginte,
912 2197 946 2226 et

167 2262 254 2284 enm
283 2254 317 2283 et
345 2262 429 2284 eain
457 2252 624 2295 amplius
652 2251 737 2295 plus
758 2252 899 2286 dilexit.

450 2075 495 2107 Et
536 2075 588 2108 sic
626 2076 812 2109 intellexit
850 2077 944 2109 invi-

1759 255 1798 290 11

1021 371 1105 413 ipsa
1131 368 1221 403 flere
1249 371 1372 414 coepit,
1405 374 1439 403 et
1477 372 1626 404 iuvenis
1654 383 1801 406 memor

1022 428 1200 471 praecepti
1230 429 1349 471 patris
1378 430 1449 468 sui,
1480 430 1731 463 conformavit
1763 442 1801 463 se

1023 488 1056 518 et
1084 485 1199 519 flevit.
1239 487 1342 519 Tunc
1382 498 1445 519 rex
1477 488 1669 531 cogitavit,
1713 499 1800 531 qno-

1023 544 1134 577 modo
1178 545 1288 578 illum
1327 545 1471 578 occulte
1510 546 1694 589 perderet.
1733 546 1802 580 Ille

1023 606 1150 636 autem
1193 603 1369 637 officialis
1413 605 1616 644 consuluit,
1655 608 1696 637 ut
1738 616 1802 638 rex

1022 663 1245 706 praeciperet
1265 664 1510 696 cementariis
1531 667 1686 699 secreto.
1703 665 1801 707 quod

1024 721 1255 764 quicumque
1282 732 1366 755 cras
1394 733 1506 755 mane
1541 723 1585 755 ad
1613 723 1700 756 illos
1728 724 1801 767 pri-

1023 791 1129 813 mum
1158 781 1303 813 veniret
1330 781 1484 814 nomine
1520 782 1621 823 regis
1649 782 1801 825 dicensg

1023 839 1245 874 Fecistisne.
1265 840 1365 881 quod
1397 851 1461 872 rex
1492 841 1605 872 iussit
1621 842 1638 874 ἱ)
1672 841 1801 874 statim

1023 899 1252 942 proiicerent
1293 899 1401 931 illum
1443 900 1479 931 in
1525 899 1717 932 fornacem
1746 911 1801 933 ar-

1023 958 1174 990 dentem
1203 957 1328 993 calcis.
1357 963 1390 990 et
1419 958 1514 990 nulli
1543 958 1586 991 ‹le
1607 958 1677 992 hoc
1697 959 1801 1001 quid-

1023 1027 1184 1058 cumque
1214 1016 1393 1050 dicerent.
1420 1017 1523 1049 Tunc
1544 1028 1607 1050 rex
1626 1018 1802 1050 iuvenem

1023 1075 1128 1108 misit
1157 1075 1227 1108 hoc
1254 1076 1367 1108 modo
1403 1086 1514 1109 mane
1543 1076 1589 1109 ad
1616 1078 1801 1110 cementa-

1022 1135 1099 1167 rios
1127 1135 1164 1167 in
1194 1135 1342 1168 silvam.
1363 1134 1434 1167 Sed
1455 1135 1524 1168 iste
1545 1135 1702 1168 audiens
1722 1136 1803 1179 pul-

1025 1194 1099 1226 sari
1128 1194 1173 1226 ad
1201 1194 1374 1233 missam,
1405 1194 1563 1227 intravit
1603 1194 1800 1228 ecclesiam

1024 1258 1058 1284 et
1086 1253 1244 1285 missam
1274 1263 1393 1294 usque
1433 1252 1548 1285 finem
1581 1254 1803 1296 expectavit.

1022 1311 1183 1344 Interim
1211 1305 1386 1344 officialis
1424 1311 1486 1343 ille
1526 1314 1666 1354 putans
1701 1311 1802 1344 hunc

1022 1370 1099 1403 iam
1150 1371 1330 1406 occisum.
1382 1369 1603 1403 stimulatus
1655 1370 1803 1403 invidia

1022 1429 1207 1472 pervenit,
1235 1431 1269 1462 et
1298 1430 1350 1461 sic
1374 1429 1503 1462 statim
1520 1439 1541 1461 a
1558 1430 1802 1462 cementariis

1022 1489 1060 1521 in
1088 1488 1280 1521 fornacem
1309 1491 1364 1521 est
1393 1488 1596 1531 proiectus.
1633 1488 1802 1521 Tandem

1020 1547 1170 1580 iuvenis
1198 1547 1261 1579 ille
1289 1547 1443 1580 advenit
1488 1547 1616 1580 dicens
1656 1558 1802 1580 cemen-

1021 1606 1152 1639 tariis:
1181 1606 1402 1641 Fecistisne,
1446 1606 1546 1648 quod
1589 1617 1653 1639 rex
1695 1616 1800 1639 man-

1021 1665 1124 1697 davit
1138 1665 1154 1697 2³
1172 1664 1485 1708 Responderunt:
1502 1664 1571 1697 Dic
1590 1665 1682 1707 regi,
1701 1665 1805 1706 quod

1020 1725 1098 1756 iam
1141 1723 1383 1766 perfecimus.
1426 1723 1472 1755 Et
1501 1723 1553 1755 sic
1582 1722 1644 1755 ille
1672 1722 1800 1756 salvus

1021 1782 1145 1815 rediit.
1178 1782 1254 1814 Rex
1282 1786 1409 1814 autem
1438 1781 1651 1814 admiratus
1678 1781 1800 1823 inqui-
1830 1805 1836 1810 .

1023 1841 1122 1880 sivit,
1161 1852 1227 1873 cur
1269 1840 1418 1873 risisset
1462 1843 1497 1873 et
1536 1839 1715 1872 flevisset.
1753 1840 1799 1872 Et

1021 1901 1195 1943 exposuit
1223 1900 1292 1932 hoc
1321 1911 1341 1932 a
1368 1902 1475 1942 patre
1504 1899 1575 1931 sibi
1602 1900 1681 1932 fore
1701 1910 1798 1932 com-

1020 1959 1196 1997 missum,
1223 1961 1258 1990 et
1286 1958 1385 2000 quod
1414 1957 1529 1990 etiam
1549 1958 1709 1990 missam
1737 1967 1799 1990 au-

1021 2017 1158 2050 diendo
1186 2017 1387 2050 tardasset.
1427 2017 1687 2059 Cognovitque
1719 2017 1799 2049 eius

1020 2075 1279 2108 innocentiam
1331 2073 1376 2108 et⁴
1418 2076 1648 2109 accusatoris
1696 2074 1799 2107 illius

1022 2135 1244 2177 nequitiam,
1277 2138 1311 2167 et
1340 2135 1392 2166 sic
1420 2134 1537 2166 istum
1566 2133 1798 2168 sublimavit.

976 2406 1008 2440 ⁹2.

312 2485 513 2532 Stephanus
537 2486 578 2521 de
604 2485 765 2522 Rorhmw
790 2488 870 2523 373.
897 2488 968 2524 ted.
996 2489 1121 2523 Lucos(
1149 2499 1196 2521 m:
1224 2499 1269 2522 LA
1295 2489 1461 2522 MARCHE
1488 2500 1523 2532 p.
1551 2488 1644 2523 3⁰29.)

313 2547 546 2588 Frequenter
573 2547 709 2580 accidit
734 2550 775 2580 ut
803 2548 961 2581 eandem
982 2551 1144 2581 mortem
1165 2559 1279 2590 quam
1300 2550 1480 2591 procurat
1500 2547 1654 2580 invidus
1674 2548 1797 2581 vicino

172 2616 238 2638 suo
274 2605 443 2638 incurrat
471 2631 479 2638 .
506 2631 514 2638 .
542 2632 548 2638 .
575 2605 713 2638 Audivi
742 2607 853 2648 quod,
893 2617 978 2638 cnm
1015 2607 1170 2648 quidam
1199 2606 1425 2640 domicellus
1454 2607 1619 2647 gratiose
1646 2606 1796 2639 cuidam

171 2663 333 2706 principi
363 2664 533 2703 serviret,
561 2665 715 2706 quidam
744 2664 824 2697 eius
852 2665 1080 2708 pra-positus
1100 2665 1329 2705 malitiosus,
1349 2666 1380 2697 ei
1401 2665 1587 2701 invidens
1608 2665 1798 2698 accusavit

171 2731 257 2753 eum
285 2720 384 2764 apud
413 2721 611 2755 dominum
640 2734 764 2763 suum,
792 2723 921 2756 dicens
949 2724 1048 2766 quod
1077 2735 1146 2767 pro
1175 2727 1276 2757 certo
1299 2723 1439 2757 sciebat
1459 2724 1557 2766 quod
1578 2734 1664 2756 cum
1683 2734 1798 2769 uxore

172 2790 241 2824 sua
266 2779 590 2821 commisceretur,
633 2781 776 2814 addens
804 2782 933 2825 aliqua
959 2782 1054 2815 falsa
1080 2783 1304 2825 intersigna.
1344 2784 1439 2815 t'um
1467 2786 1593 2815 autem
1622 2782 1654 2814 ei
1681 2782 1798 2815 credi-

172 2838 301 2878 disset,
330 2836 544 2871 habuerunt
571 2835 774 2872 consilium
802 2840 990 2881 iniquum,
1018 2845 1052 2872 et
1080 2840 1228 2872 vocavit
1257 2840 1338 2873 eius
1365 2841 1524 2873 consilio
1545 2841 1667 2872 dictus
1694 2841 1796 2883 prin-

171 2906 259 2939 ceps
287 2896 473 2937 quosdam
500 2898 706 2940 operarios,
743 2898 807 2940 qui
836 2899 1026 2931 fornacem
1053 2899 1091 2931 in
1120 2903 1228 2931 noete
1255 2898 1321 2931 illa
1347 2899 1531 2932 debebant
1572 2898 1797 2931 succendere

173 2954 219 2986 ad
246 2953 389 2986 calcem
415 2953 640 3001 faciendam,
676 2958 711 2988 et
738 2956 824 2988 fecit
852 2966 916 2989 eos
944 2955 1068 2989 iurare
1108 2957 1207 2999 quod
1234 2957 1275 2989 in
1301 2967 1412 2989 mane
1450 2957 1561 3004 illuni
1603 2957 1797 2989 mitterent
