2205 3535
1809 275 1828 304 9

199 391 300 427 inter
325 391 466 427 bestias
493 391 596 426 silvae
624 392 866 436 pinguiorem
895 390 1143 424 devoraverit.
1174 390 1306 433 Lupus
1335 390 1526 423 alleviavit
1553 391 1704 423 dicens:
1745 392 1828 424 Hoc

201 450 254 486 nil
282 454 349 490 est,
377 453 466 495 quia
491 452 611 484 fames
637 453 674 483 te
700 451 835 492 coegit.
861 449 960 481 Item
989 450 1101 492 lupus
1129 448 1324 480 confessus
1353 452 1420 487 est,
1449 449 1547 490 quod
1568 459 1723 492 porcam
1742 461 1827 483 cuni

200 509 378 547 omnibus
404 511 484 543 suis
512 509 644 542 suellis
670 509 920 542 devoraverit.
948 509 1026 540 Leo
1052 508 1168 541 dixit:
1209 508 1291 540 Non
1321 517 1503 549 inagnum
1531 513 1598 543 est,
1625 518 1701 551 pra>
1730 508 1828 540 fame

199 567 332 606 fecisti.
359 568 501 600 Asinus
528 566 724 600 confessus
751 567 867 599 dixit:
896 567 1032 599 Nescio
1061 566 1163 599 aliud
1191 566 1336 603 fecisse,
1364 565 1437 598 nisi
1457 566 1556 607 quod
1577 565 1694 598 semel
1713 567 1828 599 nimis

197 625 379 669 fatigatus
407 626 474 659 sub
503 636 615 658 onere
642 627 678 659 et
703 625 929 665 famescens,
956 625 1034 658 vidi
1062 625 1260 657 straminis
1279 635 1395 657 unam
1422 624 1607 657 festucam
1627 635 1670 657 ex
1689 625 1829 657 calcea-

198 685 338 717 mentis
377 685 518 717 domini
550 685 624 716 inei
652 683 830 716 laceratis
857 685 963 716 extra
996 683 1183 727 pendere:
1223 682 1329 715 illam
1357 682 1522 715 comedi:
1561 683 1617 715 Ad
1645 684 1744 725 quod
1771 683 1828 716 leo

197 745 232 775 et
258 743 372 787 lupus
398 743 598 776 dixerunt:
642 743 725 775 Hoc
765 742 978 775 maximum
1019 744 1074 774 est
1113 742 1325 784 peceatum,
1364 743 1521 784 propter
1560 740 1828 774 infidelitatem

196 803 326 834 contra
354 802 552 834 dominum
579 804 709 840 tuum,
739 801 878 841 dignus
906 812 945 833 es
972 802 1106 834 morte.
1132 801 1180 833 Et
1208 799 1261 832 sic
1288 800 1566 833 devoraverunt
1594 800 1756 833 asinum.

337 860 570 893 Huiusmodi
599 860 818 903 exemplum
844 860 1002 899 inserui,
1041 862 1082 892 ut
1109 859 1323 892 dormitans
1366 859 1531 902 populus
1574 859 1611 891 in
1654 869 1828 892 sermone

194 922 280 963 post
306 919 510 963 prandium
538 920 823 962 expergiscatur
852 919 897 951 ad
926 919 1158 952 audiendum
1177 918 1245 950 tali
1273 917 1544 950 consolatione.

241 1398 304 1436 Pel
309 1400 445 1442 bartns,
455 1401 687 1444 Quadrages.

192 1460 242 1495 II.
270 1464 290 1493 6
316 1461 346 1494 L
361 1472 367 1494 1

240 1580 311 1612 Pro
350 1579 523 1623 exemplo
558 1590 688 1612 conso-

193 1637 331 1670 latorio
371 1638 416 1671 ad
445 1638 688 1675 excitandum

192 1696 436 1737 dormientes,
462 1687 563 1737 note,
590 1697 687 1739 quod

192 1755 319 1795 honio,
354 1756 418 1798 qui
444 1756 560 1789 nimis
588 1756 688 1789 solli·

191 1815 289 1847 citus
317 1817 373 1847 est
404 1815 448 1848 de
486 1815 689 1848 mundiali-

193 1866 272 1913 bus,
288 1876 417 1917 peccat
433 1874 568 1907 saltem
587 1874 688 1906 veni-

192 1932 313 1973 aliter,
353 1934 389 1964 et
419 1932 560 1965 idcirco
599 1930 686 1964 faci-

191 1993 276 2024 ente
327 1991 408 2032 «leo,
450 1990 689 2024 fraudabitur

191 2060 270 2094 spe.
301 2050 496 2094 Contingit
525 2050 607 2089 sibi,
647 2053 688 2084 ut

192 2109 360 2143 fabulose
414 2110 593 2141 narratur
643 2109 686 2141 de

191 2169 355 2212 quadam
407 2167 546 2211 puella,
606 2178 686 2209 quae

189 2227 306 2260 nimis
333 2226 497 2260 sollicita
521 2226 604 2266 fuit,
646 2228 687 2259 ut

188 2286 405 2319 traderetur
428 2285 581 2328 nuptui;
603 2296 686 2329 pro-

189 2347 272 2389 pter
287 2344 385 2387 quod
399 2354 497 2387 stepo
512 2344 627 2376 etiam
643 2343 687 2376 de

191 2403 260 2436 hoc
276 2403 502 2436 somniabat.
517 2402 686 2444 Cumque

189 2462 304 2495 ollam
333 2463 428 2496 lacte
459 2462 611 2506 plenam
640 2461 685 2494 ad

190 2513 315 2554 forum
342 2521 524 2560 duxisset,
543 2522 584 2552 ut
598 2529 685 2552 ven-

190 2580 305 2619 deret,
333 2582 367 2612 et
394 2579 609 2618 resedisset,
628 2589 686 2611 co-

191 2639 335 2678 gitavit,
363 2637 462 2680 quod
489 2637 533 2670 de
563 2637 685 2680 pretio

190 2696 298 2728 lactis
329 2694 475 2728 calceos
504 2695 685 2739 pulchros

189 2753 490 2796 emei·et‚quibus
505 2765 544 2787 se
559 2757 686 2798 posset

189 2815 392 2852 ostentare,
429 2815 469 2846 ut
499 2813 580 2846 viro
608 2814 685 2857 pla-

187 2873 288 2904 ceret
315 2871 352 2903 in
385 2872 686 2906 matrimonium.

188 2930 234 2963 In
262 2930 332 2964 hac
365 2931 595 2973 cogitatione
622 2931 684 2964 ob-

190 2988 374 3022 dormiuit
422 2992 458 3022 et
499 2989 595 3022 vidit
644 2991 682 3023 in

977 1177 1042 1211 IV.

869 1286 973 1320 Ona
1000 1286 1148 1320 lactis.

810 1399 893 1434 ch.
927 1400 967 1434 tle
1013 1398 1170 1434 Viti-<iaco
1196 1399 1258 1433 51.

763 1459 907 1496 (CRANE
933 1471 968 1503 p.
997 1458 1068 1492 ⁹20st

810 1576 962 1610 Similes
1002 1575 1106 1623 [sunt
1150 1577 1259 1611 dissi—

763 1635 931 1681 patores]
946 1637 1097 1670 cuidam
1112 1636 1259 1676 vetulae,

764 1706 844 1738 quze
873 1695 962 1728 dum
981 1697 1021 1728 in
1048 1684 1158 1728 urceo
1188 1699 1259 1728 tei·-

763 1764 825 1786 reo
854 1754 900 1786 ad
929 1754 1052 1786 forum
1091 1754 1147 1786 lae
1175 1765 1258 1797 poi·-

761 1815 870 1849 taret,
898 1814 1009 1856 coepit
1040 1812 1258 1855 cogitarein

891 1871 1080 1913 quomodo
1131 1877 1259 1914 posset

761 1929 845 1962 fieri
887 1930 1002 1963 dives.
1049 1930 1260 1963 Attendens

762 1992 902 2029 autem,
954 1989 1054 2032 quod
1102 1990 1146 2022 de
1191 2000 1258 2023 suo

762 2048 857 2081 lacte
875 2052 954 2081 tres
970 2048 1099 2081 obolos
1119 2049 1258 2081 habere

762 2110 901 2151 posset,
929 2108 1040 2151 coepit
1080 2109 1258 2151 cogitare,

762 2167 861 2210 quod
917 2167 960 2199 de
1005 2166 1082 2199 illis
1135 2167 1258 2199 tribus

761 2226 883 2259 obolis
924 2228 1065 2258 emeret
1110 2225 1257 2268 pullum

761 2284 911 2328 gallina¹
939 2286 973 2316 et
999 2284 1175 2325 nutriret,
1205 2284 1258 2316 ita

761 2344 860 2386 quod
887 2342 993 2376 fieret
1024 2343 1178 2386 gallina,
1216 2354 1258 2375 ex

761 2404 867 2435 euius
899 2403 981 2435 ovis
1007 2403 1153 2435 multos·
1176 2402 1258 2445 pul-

759 2461 816 2494 los
845 2461 1078 2503 acquireret:
1120 2461 1257 2503 quibus

761 2521 936 2560 venditis,
981 2522 1122 2553 emeret
1173 2531 1257 2563 poi·-

760 2591 869 2613 cum:
914 2591 986 2622 quo
1034 2580 1178 2612 nutrito
1223 2583 1258 2613 et

759 2639 1015 2682 impinguato,
1079 2638 1258 2671 venderet

922 2700 962 2729 ut
1002 2697 1089 2730 inde
1116 2701 1258 2730 emeret

758 2757 907 2801 pullum
975 2757 1172 2798 equinum,
1223 2759 1257 2788 et

757 2819 836 2849 tam
856 2815 918 2847 diu
939 2815 1101 2848 nutriret
1118 2815 1258 2858 ipsum,

761 1872 834 1911 via,

759 2698 882 2737 illum,

759 2875 857 2917 quod
910 2875 1020 2916 aptus
1071 2876 1169 2906 esset
1211 2874 1257 2905 ad

757 2933 1019 2975 equitandum.
1062 2933 1107 2965 Et
1147 2933 1258 2975 coepit

757 2992 861 3024 intra
888 2991 919 3023 si
948 2990 1098 3023 dicere:
1142 2990 1257 3033 Equi-

1382 1398 1497 1445 steph.
1509 1399 1550 1433 de
1562 1399 1726 1435 Bai-bom
1739 1400 1813 1436 271
1822 1430 1829 1436 .

1335 1458 1476 1497 (Lacov
1503 1470 1552 1492 DF,
1583 1470 1629 1493 LA
1664 1461 1828 1494 Minucius.

1333 1528 1369 1560 p.
1396 1516 1490 1551 2026st

1380 1577 1479 1610 Item
1531 1578 1658 1611 audivi

1333 1646 1419 1668 cum
1438 1637 1589 1670 cuidam
1609 1637 1755 1671 ancillae
1771 1638 1830 1671 de-

1718 1580 1831 1622 quod,

1334 1694 1387 1726 dit
1415 1694 1569 1729 domina
1597 1708 1665 1730 sua
1692 1697 1748 1730 lac
1769 1698 1830 1730 do-

1333 1753 1522 1795 minicale,
1563 1759 1597 1788 et
1636 1756 1719 1799 ipsa
1748 1767 1832 1800 por-

1332 1813 1548 1846 taretillud
1578 1826 1692 1858 super
1719 1823 1831 1859 caput

1334 1882 1446 1904 suum
1462 1873 1508 1905 ad
1525 1873 1766 1906 vendendum
1784 1874 1830 1906 ad

1333 1931 1478 1971 urbem,
1507 1942 1593 1964 cum
1620 1933 1691 1964 iret
1726 1933 1831 1964 iuxta

1334 1991 1532 2027 fossatum,
1559 1991 1702 2035 incepit
1731 1992 1829 2033 cogi-

1332 2051 1424 2090 tare,

1332 2108 1441 2140 lactis
1469 2112 1611 2141 emeret
1634 2109 1830 2149 gallinam,

1477 2050 1574 2092 quod
1624 2050 1667 2082 de
1709 2051 1830 2093 pretio

1333 2177 1414 2209 quze
1454 2167 1592 2200 faceret
1633 2168 1665 2200 ci
1704 2168 1830 2211 pullos

1332 2225 1497 2265 niultos;
1562 2227 1662 2268 quod
1712 2228 1830 2260 factos

1333 2286 1401 2325 (sic
1416 2286 1438 2322 l)
1458 2285 1621 2327 gallinas
1640 2287 1832 2326 venderet,

1332 2343 1376 2376 de
1404 2343 1540 2386 quibus
1568 2343 1706 2377 faceret
1729 2356 1830 2383 oves,

1333 2405 1368 2435 et
1395 2402 1439 2435 de
1458 2402 1536 2434 illis
1557 2403 1691 2436 boves:
1721 2408 1755 2435 et
1777 2404 1829 2435 sic

1332 2461 1519 2504 paulatim
1536 2461 1666 2501 ditata,
1683 2467 1829 2495 contra—

1332 2519 1438 2552 heret
1466 2530 1551 2552 cum
1580 2520 1743 2562 quodam
1765 2532 1827 2553 no-

1335 2579 1409 2612 bili.
1425 2580 1471 2611 Et
1487 2590 1573 2611 eum
1589 2579 1830 2622 gloriaretur,

1332 2639 1516 2681 cogitans,
1559 2648 1645 2670 cuin
1689 2641 1829 2680 quanta

1332 2697 1455 2738 gloria
1482 2698 1682 2730 duceretur
1709 2697 1753 2730 ad
1779 2697 1829 2729 vi·

1332 2766 1417 2788 rum
1448 2755 1557 2788 illum
1597 2767 1683 2789 cum
1723 2752 1829 2798 equo,

1333 2818 1367 2847 et
1411 2815 1518 2857 quasi

1333 2885 1472 2916 equum
1496 2873 1718 2913 calcaribus,
1739 2873 1830 2916 pede

1571 2815 1603 2846 si
1646 2820 1831 2858 pungeret

1333 2937 1475 2965 terrain
1512 2935 1736 2975 percuteret,
1777 2932 1828 2964 di-

1333 2990 1452 3023 cenclo
1479 2997 1578 3032 'equo
1597 2988 1658 3023 io!
1682 2989 1718 3023 io
1731 2989 1742 3023 .'
1775 2989 1829 3021 lu-
